<?xml version="1.0" encoding="UTF-8"?><collection xmlns="http://www.loc.gov/MARC21/slim"><record><leader>00410nam--2200121-i-4500</leader><controlfield tag="001">000025831</controlfield><controlfield tag="002">20161230</controlfield><controlfield tag="005">20161230201036</controlfield><controlfield tag="008">060222s1000------------r-----000-0-eng-d</controlfield><datafield ind1=" " ind2=" " tag="080"><subfield code="a">681.3.01(061.3)</subfield></datafield><datafield ind1=" " ind2=" " tag="245"><subfield code="a">International microcomputers /minicomputers/ macroprocessors`77 palais des expositions, 24-26 may 1977</subfield></datafield><datafield ind1=" " ind2=" " tag="260"><subfield code="a">Guilford, Surrey, I.P.C. Science And Technology Press, Ltd., 1977, 367p</subfield></datafield><datafield ind1=" " ind2=" " tag="852"><subfield code="a">45962</subfield></datafield></record></collection>